<record><leader>00000cas a22000007a 4500</leader><controlfield tag="001">11285049</controlfield><controlfield tag="008">841019c19689999nvuwr ne      0   a0eng d</controlfield><datafield ind1=" " ind2=" " tag="010"><subfield code="a">sn 84000050 </subfield></datafield><datafield ind1=" " ind2=" " tag="040"><subfield code="a">NSD</subfield><subfield code="b">eng</subfield><subfield code="c">NSD</subfield><subfield code="d">NPU</subfield><subfield code="d">UNP</subfield><subfield code="d">NNX</subfield><subfield code="d">OCL</subfield><subfield code="d">OCLCQ</subfield></datafield><datafield ind1=" " ind2=" " tag="012"><subfield code="l">1</subfield><subfield code="m">1</subfield></datafield><datafield ind1="1" ind2=" " tag="022"><subfield code="a">8755-3260</subfield><subfield code="l">8755-3260</subfield><subfield code="2">1</subfield></datafield><datafield ind1=" " ind2=" " tag="032"><subfield code="a">587120</subfield><subfield code="b">USPS</subfield></datafield><datafield ind1=" " ind2=" " tag="037"><subfield code="b">The Lincoln County Record, 1001 Ranch, Caliente, Nev. 89008</subfield></datafield><datafield ind1=" " ind2=" " tag="042"><subfield code="a">nsdp</subfield></datafield><datafield ind1="0" ind2=" " tag="130"><subfield code="a">Lincoln County record (Pioche, Nev. : 1968)</subfield></datafield><datafield ind1=" " ind2="4" tag="222"><subfield code="a">The Lincoln County record</subfield></datafield><datafield ind1="1" ind2="0" tag="245"><subfield code="a">Lincoln County record.</subfield></datafield><datafield ind1="3" ind2="0" tag="246"><subfield code="a">Record</subfield></datafield><datafield ind1=" " ind2=" " tag="260"><subfield code="a">Pioche, Nev. :</subfield><subfield code="b">Pioche Record Pub. Co.,</subfield><subfield code="c">1968-</subfield></datafield><datafield ind1=" " ind2=" " tag="300"><subfield code="a">v. ;</subfield><subfield code="c">61 cm.</subfield></datafield><datafield ind1=" " ind2=" " tag="310"><subfield code="a">Weekly</subfield></datafield><datafield ind1="0" ind2=" " tag="362"><subfield code="a">Vol. 98, no. 27 (June 6, 1968)-</subfield></datafield><datafield ind1=" " ind2=" " tag="752"><subfield code="a">United States</subfield><subfield code="b">Nevada</subfield><subfield code="c">Lincoln</subfield><subfield code="d">Pioche.</subfield></datafield><datafield ind1=" " ind2=" " tag="936"><subfield code="a">Oct. 4, 1984</subfield></datafield></record>